<record xmlns="http://www.loc.gov/MARC21/slim" xmlns:xsi="http://www.w3.org/2001/XMLSchema-instance" xsi:schemaLocation="http://www.loc.gov/MARC21/slim http://www.loc.gov/standards/marcxml/schema/MARC21slim.xsd"><leader>00552nz   2200145n  4500</leader><controlfield tag="001">oca04216596 </controlfield><controlfield tag="005">19961123052456.7</controlfield><controlfield tag="008">961120n| acannaab|          |a aaa     c</controlfield><datafield ind1=" " ind2=" " tag="010"><subfield code="a">nr 96041860 </subfield></datafield><datafield ind1=" " ind2=" " tag="040"><subfield code="a">UPB</subfield><subfield code="c">UPB</subfield></datafield><datafield ind1="0" ind2=" " tag="100"><subfield code="a">Sisebut,</subfield><subfield code="c">King of the Visigoths,</subfield><subfield code="d">d. 621</subfield></datafield><datafield ind1="0" ind2=" " tag="400"><subfield code="a">Sisebuto,</subfield><subfield code="c">King of the Visigoths,</subfield><subfield code="d">d. 621</subfield></datafield><datafield ind1="0" ind2=" " tag="400"><subfield code="a">Sisebutus,</subfield><subfield code="c">King of the Visigoths,</subfield><subfield code="d">d. 621</subfield></datafield><datafield ind1=" " ind2=" " tag="670"><subfield code="a">Traité de la nature, 1960:</subfield><subfield code="b">p. 328 (Sisebut, roi des Goths) p. 329 (Sisebuti regis Gothorum)</subfield></datafield><datafield ind1=" " ind2=" " tag="670"><subfield code="a">RLIN, 11/20/96</subfield><subfield code="b">(hdg.: Sisebuto, King of the Visigoths, d. 621)</subfield></datafield></record>